@report{smith_conseils_3,
	author = {{École nationale des chartes}},
	title = {La Thèse: règles générales},
	institution = {École nationale des chartes},
	date = {2000},
	series = {Thèse},
	number = {3},
	url = {https://intranet.enc.sorbonne.fr/system/files/these_3_regles_presentation_+these.pdf},
	urldate = {2020-01-24}
}
@report{smith_conseils_4,
	author = {{École nationale des chartes}},
	title = {Sources et bibliographie: conseils de présentation},
	institution = {École nationale des chartes},
	date = {2000},
	series = {Thèse},
	number = {4},
	url = {https://intranet.enc.sorbonne.fr/system/files/these_4_presentation_sources_bibliographie.pdf},
	urldate = {2020-01-24}
}
@report{smith_conseils_5,
	author = {{École nationale des chartes}},
	title = {Majuscules, traits d'union, règles diverses},
	institution = {École nationale des chartes},
	date = {2000},
	series = {Thèse},
	number = {5},
	url = {https://intranet.enc.sorbonne.fr/system/files/these_5_regles_majuscules_traits-union.pdf},
	urldate = {2020-01-24}
}